<?xml version="1.0" encoding="UTF-8"?><record xmlns="http://www.loc.gov/MARC21/slim" xmlns:cinclude="http://apache.org/cocoon/include/1.0" xmlns:zs="http://www.loc.gov/zing/srw/">
  <leader>00574cz  a2200145n  4500</leader>
  <controlfield tag="001">n  85131089 </controlfield>
  <controlfield tag="003">DLC</controlfield>
  <controlfield tag="005">20120807083122.0</controlfield>
  <controlfield tag="008">851224n| acannaabn          |n aaa     c</controlfield>
  <datafield tag="010" ind1=" " ind2=" ">
    <subfield code="a">n  85131089 </subfield>
  </datafield>
  <datafield tag="035" ind1=" " ind2=" ">
    <subfield code="a">(OCoLC)oca01466549</subfield>
  </datafield>
  <datafield tag="040" ind1=" " ind2=" ">
    <subfield code="a">IU</subfield>
    <subfield code="b">eng</subfield>
    <subfield code="c">DLC</subfield>
    <subfield code="d">DLC</subfield>
    <subfield code="d">OCoLC</subfield>
    <subfield code="d">DLC</subfield>
  </datafield>
  <datafield tag="100" ind1="1" ind2=" ">
    <subfield code="a">Karasev, M. N.,</subfield>
    <subfield code="c">kand. tekhn. nauk</subfield>
  </datafield>
  <datafield tag="667" ind1=" " ind2=" ">
    <subfield code="a">THIS 1XX FIELD CANNOT BE USED UNDER RDA UNTIL THIS RECORD HAS BEEN REVIEWED AND/OR UPDATED</subfield>
  </datafield>
  <datafield tag="670" ind1=" " ind2=" ">
    <subfield code="a">Urovenʹ i pokazateli razv. zhilishchno-kommunalʹn. khozi︠a︡ĭstva zarub. stran, 1975:</subfield>
    <subfield code="b">verso of t.p. (kand. tekhn. nauk M.N. Karasev)</subfield>
  </datafield>
</record>